@book{2006Computer,
  title={Computer Organization and Design},
  author={ Patterson, David A },
  publisher={Computer Organization and Design},
  year={2006},
}

@Misc{BusyBear,
howpublished = {Website},
note = {\url{https://github.com/michaeljclark/busybear-linux} Accessed Fri 26, 2021},
title = {busybear-linux},
author = {michaeljclark}
}

@Misc{结果演示,
howpublished = {Website},
note = {\url{https://www.bilibili.com/video/BV1QU4y1H7AE/} First Finish Fri 28, 2021},
title = {结果演示},
author = {杨秉学}
}

@Misc{GentooQemu,
howpublished = {Website},
note = {\url{https://wiki.gentoo.org/wiki/QEMU}},
title = {Gentoo Qemu},
author = {gentoo.org}
}
